<record><leader>00000cas a22000007a 4500</leader><controlfield tag="001">13958548</controlfield><controlfield tag="008">860728d19341969txuwr ne      0    0eng d</controlfield><datafield ind1=" " ind2=" " tag="010"><subfield code="a">sn 86088075 </subfield></datafield><datafield ind1=" " ind2=" " tag="040"><subfield code="a">PPM</subfield><subfield code="b">eng</subfield><subfield code="c">PPM</subfield><subfield code="d">OCLCQ</subfield></datafield><datafield ind1=" " ind2=" " tag="042"><subfield code="a">msc</subfield></datafield><datafield ind1="0" ind2="4" tag="245"><subfield code="a">The Arlington citizen.</subfield></datafield><datafield ind1="3" ind2="0" tag="246"><subfield code="a">Arlington edition of the Tarrant County citizen</subfield></datafield><datafield ind1=" " ind2=" " tag="260"><subfield code="a">Arlington, Tex. :</subfield><subfield code="b">Tarrant County Pub.</subfield></datafield><datafield ind1=" " ind2=" " tag="300"><subfield code="a">v. :</subfield><subfield code="b">ill.</subfield></datafield><datafield ind1=" " ind2=" " tag="310"><subfield code="a">Weekly</subfield></datafield><datafield ind1="1" ind2=" " tag="362"><subfield code="a">Began Oct. 4, 1934?</subfield></datafield><datafield ind1="0" ind2=" " tag="362"><subfield code="a">-v. 34, no. 52 (July 28, 1969).</subfield></datafield><datafield ind1=" " ind2=" " tag="500"><subfield code="a">Sometimes published as: Arlington edition of the Tarrant County citizen.</subfield></datafield><datafield ind1=" " ind2=" " tag="588"><subfield code="a">Description based on: Vol. 4, no. 1 (Oct. 7, 1937).</subfield></datafield><datafield ind1=" " ind2=" " tag="752"><subfield code="a">United States</subfield><subfield code="b">Texas</subfield><subfield code="c">Tarrant</subfield><subfield code="d">Arlington.</subfield></datafield><datafield ind1="0" ind2=" " tag="775"><subfield code="t">Tarrant County citizen</subfield><subfield code="w">(DLC)sn 88083436</subfield></datafield><datafield ind1="0" ind2="7" tag="785"><subfield code="t">Arlington journal (Arlington, Tex.)</subfield><subfield code="w">(DLC)sn 86088105</subfield></datafield><datafield ind1="0" ind2="7" tag="785"><subfield code="t">Citizen journal</subfield><subfield code="w">(DLC)sn 87091273</subfield></datafield><datafield ind1="1" ind2=" " tag="029"><subfield code="a">AU@</subfield><subfield code="b">000025832166</subfield></datafield></record>